<?xml version="1.0" encoding="UTF-8"?><collection><record><leader>11839ntm a2201045 a 4500</leader><controlfield tag="001">006814887</controlfield><controlfield tag="003">MiAaHDL</controlfield><controlfield tag="005">20190719000000.0</controlfield><controlfield tag="006">m        d        </controlfield><controlfield tag="007">cr bn ---auaua</controlfield><controlfield tag="008">090610m16691906xx            00| ||ara d</controlfield><datafield tag="035" ind1=" " ind2=" "><subfield code="a">(MiU)006814887</subfield></datafield><datafield tag="035" ind1=" " ind2=" "><subfield code="a">sdr-miu006814887</subfield></datafield><datafield tag="040" ind1=" " ind2=" "><subfield code="a">MiU</subfield><subfield code="c">MiU</subfield><subfield code="e">amremm</subfield></datafield><datafield tag="041" ind1="0" ind2=" "><subfield code="a">ara</subfield><subfield code="a">per</subfield></datafield><datafield tag="043" ind1=" " ind2=" "><subfield code="a">n-us-mi</subfield></datafield><datafield tag="245" ind1="0" ind2="0"><subfield code="6">880-03</subfield><subfield code="a">Hutut-ı mütenevvia-yı İslamiye albümü,</subfield><subfield code="f">[1080 to 1323, i.e. 1669 to 1906].</subfield></datafield><datafield tag="246" ind1="3" ind2=" "><subfield code="a">Hutût-ı Mütenevvia-ı İslâmiye Albümü</subfield></datafield><datafield tag="260" ind1=" " ind2=" "><subfield code="c">[1669-1906].</subfield></datafield><datafield tag="300" ind1=" " ind2=" "><subfield code="a">21 panels :</subfield><subfield code="b">paper ;</subfield><subfield code="c">325 x 400 mm. bound to 335 x 420 mm.</subfield></datafield><datafield tag="500" ind1=" " ind2=" "><subfield code="a">Shelfmark: Ann Arbor, University of Michigan, Special Collections Library, Isl. Ms. 441</subfield></datafield><datafield tag="500" ind1=" " ind2=" "><subfield code="a">Origin: Origin: Dates in dated pieces range from 1080 [1669 or 70] to 1323 [1905 or 6]. Some pieces possibly earlier. Binding late 19th or early 20th century, likely produced in Yıldız Palace workshop and certainly not earlier than 1882 when the arma was finalized by Sultan Abdülhamit II.</subfield></datafield><datafield tag="500" ind1=" " ind2=" "><subfield code="a">Former shelfmark: "208" inscribed in pencil on opening panel.</subfield></datafield><datafield tag="500" ind1=" " ind2=" "><subfield code="a">Binding: Heavy boards covered in red leather ; Western style binding ; interior of boards (and facing panels) lined with white, textured paper (satin-like pattern) ; upper and lower covers carry central panel gold-stamped with the Ottoman arms (upper cover) or crescent and star (lower cover) at center, outlined in gold-tooled stars and bordered in gold-stamped (with olive green leather onlays) decorative panels in vegetal designs with crescents gold-stamped on olive green leather onlays at the four corners ; board edges heavily beveled and gold-tooled ; edges of panels gold-painted ; sewn in heavy pink cord ; overall in fairly good condition with minor abrasion, lifting and losses of onlays, etc.</subfield></datafield><datafield tag="500" ind1=" " ind2=" "><subfield code="a">Support: Calligraphic pieces on assorted laid papers, well-burnished ; some decorative papers, tinted, marbled or silhouette ; each mounted in heavy pasteboards (panels) covered in dark green coated and textured paper (resembling reptile hide) with edges gold-painted.</subfield></datafield><datafield tag="500" ind1=" " ind2=" "><subfield code="a">Decoration: Varies by piece ; use of gold and colored pigments in frames, decorative borders, textual dividers and accents (mainly rosettes).</subfield></datafield><datafield tag="500" ind1=" " ind2=" "><subfield code="a">Script: Muḥaqqaq (muhakkak), naskh (nesih), thuluth (sülüs) and nastaʻlīq (talik), varying by piece ; superb Ottoman and Persian calligraphic hands.</subfield></datafield><datafield tag="500" ind1=" " ind2=" "><subfield code="a">Layout: Varies greatly by piece.</subfield></datafield><datafield tag="500" ind1=" " ind2=" "><subfield code="a">Collation: Twenty-one heavy panels (pasteboards) attached via red cloth stubs (supported by further board).</subfield></datafield><datafield tag="500" ind1=" " ind2=" "><subfield code="a">Title from upper cover.</subfield></datafield><datafield tag="500" ind1=" " ind2=" "><subfield code="a">Ms. codex.</subfield></datafield><datafield tag="505" ind1="0" ind2=" "><subfield code="a">42. fol.21b : [blank].</subfield></datafield><datafield tag="505" ind1="0" ind2=" "><subfield code="a">41. fol.21a : piece in thuluth and naskh signed by the calligrapher Mehmet Hilmi (نمقه السيد محمد حلمى) and dated 1287 [1870 or 1].</subfield></datafield><datafield tag="505" ind1="0" ind2=" "><subfield code="a">40. fol.20b : piece in nastaʻlīq (talik) likely by the calligrapher Yesari Mehmet Esad Efendi (d.1798) and belonging to the preceding pieces (from fol.10a).</subfield></datafield><datafield tag="505" ind1="0" ind2=" "><subfield code="a">39. fol.20a : piece in nastaʻlīq (talik) likely by the calligrapher Yesari Mehmet Esad Efendi (d.1798) and belonging to the preceding and following pieces.</subfield></datafield><datafield tag="505" ind1="0" ind2=" "><subfield code="a">38. fol.19b : piece in nastaʻlīq (talik) likely by the calligrapher Yesari Mehmet Esad Efendi (d.1798) and belonging to the preceding and following pieces.</subfield></datafield><datafield tag="505" ind1="0" ind2=" "><subfield code="a">37. fol.19a : piece in nastaʻlīq (talik) likely by the calligrapher Yesari Mehmet Esad Efendi (d.1798) and belonging to the preceding and following pieces.</subfield></datafield><datafield tag="505" ind1="0" ind2=" "><subfield code="a">36. fol.18b : piece in nastaʻlīq (talik) likely by the calligrapher Yesari Mehmet Esad Efendi (d.1798) and belonging to the preceding and following pieces.</subfield></datafield><datafield tag="505" ind1="0" ind2=" "><subfield code="a">35. fol.18a : piece in nastaʻlīq (talik) likely by the calligrapher Yesari Mehmet Esad Efendi (d.1798) and belonging to the preceding and following pieces.</subfield></datafield><datafield tag="505" ind1="0" ind2=" "><subfield code="a">34. fol.17b : piece in nastaʻlīq (talik) likely by the calligrapher Yesari Mehmet Esad Efendi (d.1798) and belonging to the preceding and following pieces.</subfield></datafield><datafield tag="505" ind1="0" ind2=" "><subfield code="a">33. fol.17a : piece in nastaʻlīq (talik) likely by the calligrapher Yesari Mehmet Esad Efendi (d.1798) and belonging to the preceding and following pieces.</subfield></datafield><datafield tag="505" ind1="0" ind2=" "><subfield code="a">32. fol.16b : piece in nastaʻlīq (talik) likely by the calligrapher Yesari Mehmet Esad Efendi (d.1798) and belonging to the preceding and following pieces.</subfield></datafield><datafield tag="505" ind1="0" ind2=" "><subfield code="a">31. fol.16a : piece in nastaʻlīq (talik) likely by the calligrapher Yesari Mehmet Esad Efendi (d.1798) and belonging to the preceding and following pieces.</subfield></datafield><datafield tag="505" ind1="0" ind2=" "><subfield code="a">30. fol.15b : piece in nastaʻlīq (talik) likely by the calligrapher Yesari Mehmet Esad Efendi (d.1798) and belonging to the preceding and following pieces.</subfield></datafield><datafield tag="505" ind1="0" ind2=" "><subfield code="a">29. fol.15a : piece in nastaʻlīq (talik) likely by the calligrapher Yesari Mehmet Esad Efendi (d.1798) and belonging to the preceding and following pieces.</subfield></datafield><datafield tag="505" ind1="0" ind2=" "><subfield code="a">28. fol.14b : piece in nastaʻlīq (talik) likely by the calligrapher Yesari Mehmet Esad Efendi (d.1798) and belonging to the preceding and following pieces.</subfield></datafield><datafield tag="505" ind1="0" ind2=" "><subfield code="a">27. fol.14a : piece in nastaʻlīq (talik) likely by the calligrapher Yesari Mehmet Esad Efendi (d.1798) and belonging to the preceding and following pieces.</subfield></datafield><datafield tag="505" ind1="0" ind2=" "><subfield code="a">26. fol.13b : piece in nastaʻlīq (talik) likely by the calligrapher Yesari Mehmet Esad Efendi (d.1798) and belonging to the preceding and following pieces.</subfield></datafield><datafield tag="505" ind1="0" ind2=" "><subfield code="a">25. fol.13a : piece in nastaʻlīq (talik) likely by the calligrapher Yesari Mehmet Esad Efendi (d.1798) and belonging to the preceding and following pieces.</subfield></datafield><datafield tag="505" ind1="0" ind2=" "><subfield code="a">24. fol.12b : piece in nastaʻlīq (talik) likely by the calligrapher Yesari Mehmet Esad Efendi (d.1798) and belonging to the preceding and following pieces.</subfield></datafield><datafield tag="505" ind1="0" ind2=" "><subfield code="a">23. fol.12a : piece in nastaʻlīq (talik) likely by the calligrapher Yesari Mehmet Esad Efendi (d.1798) and belonging to the preceding and following pieces.</subfield></datafield><datafield tag="505" ind1="0" ind2=" "><subfield code="a">22. fol.11b : piece in nastaʻlīq (talik) likely by the calligrapher Yesari Mehmet Esad Efendi (d.1798) and belonging to the preceding and following pieces.</subfield></datafield><datafield tag="505" ind1="0" ind2=" "><subfield code="a">21. fol.11a : piece in nastaʻlīq (talik) likely by the calligrapher Yesari Mehmet Esad Efendi (d.1798) and belonging to the preceding and following pieces.</subfield></datafield><datafield tag="505" ind1="0" ind2=" "><subfield code="a">20. fol.10b : piece in nastaʻlīq (talik) likely by the calligrapher Yesari Mehmet Esad Efendi (d.1798) and belonging to the preceding and following pieces.</subfield></datafield><datafield tag="505" ind1="0" ind2=" "><subfield code="a">19. fol.10a : piece in nastaʻlīq (talik) signed by the calligrapher Yesari Mehmet Esad Efendi (d.1798) (الفقير محمد اسعد اليسارى) and undated, likely (with the following pieces fol.10b-20b) concluding piece of a meşk murakkaa.</subfield></datafield><datafield tag="505" ind1="0" ind2=" "><subfield code="a">18. fol.9b : piece in thuluth and naskh signed by the calligrapher Hocazade Mehmet (d.1695) (سوده الحقير محمد الشهر بخواجه زاده) and dated 1080 [1669 or 70].</subfield></datafield><datafield tag="505" ind1="0" ind2=" "><subfield code="a">17. fol.9a : piece in thuluth and naskh signed by the calligrapher Kazasker (Kadıasker) Mustafa İzzet Efendi (d.1876) (بندۀ ال عبا سيد عزت مصطفى) and possibly dated 1278 [1861 or 2].</subfield></datafield><datafield tag="505" ind1="0" ind2=" "><subfield code="a">16. fol.8b : piece in thuluth and naskh signed by the calligrapher Hasan Rıza Efendi (d.1920) (حرره الحاج السيد حسن رضا ) and dated 1323 [1905 or 6].</subfield></datafield><datafield tag="505" ind1="0" ind2=" "><subfield code="a">15. fol.8a : piece in thuluth and naskh signed by the calligrapher İsmail b. Abdullah student of İbrahim Rodosi (d.1787) (مشقه العبد المذنب اسمعيل بن عبد الله من تلاميذ ابراهيم الردوسى) and undated.</subfield></datafield><datafield tag="505" ind1="0" ind2=" "><subfield code="a">14. fol.7b : piece in thluth signed by the calligrapher Usturacızade Mehmet Şehri (d.1740) (سوده محمد الشهرى) and undated.</subfield></datafield><datafield tag="505" ind1="0" ind2=" "><subfield code="a">13. fol.7a : piece in thuluth and naskh signed by the calligrapher Hasan Rıza Efendi (d.1920) (حرره الحاج السيد حسن رضا ) and dated 1323 [1905 or 6].</subfield></datafield><datafield tag="505" ind1="0" ind2=" "><subfield code="a">12. fol.6b : unsigned piece in thuluth and naskh, undated.</subfield></datafield><datafield tag="505" ind1="0" ind2=" "><subfield code="a">11. fol.6a : piece in naskh signed by the calligrapher Deli Osman Afif Dâmâdı (d.1805) (كتبه الفقير السيد عثمان المعروف بداماد العفيف) and dated 1205 [1790 or 1].</subfield></datafield><datafield tag="505" ind1="0" ind2=" "><subfield code="a">10. fol.5b : piece in thuluth and naskh signed by the calligrapher İsmail Zühtü (İsmail Zühdi d.1806, كتبه اسمعيل الزهدى) and undated.</subfield></datafield><datafield tag="505" ind1="0" ind2=" "><subfield code="a">9. fol.5a : piece in thuluth and naskh signed by the calligrapher Tevfiki [?] (كتبه توفيقى) and undated.</subfield></datafield><datafield tag="505" ind1="0" ind2=" "><subfield code="a">8. fol.4b : piece in nastaʻlīq (talik) signed by the calligrapher, most likely the Ottoman Sultan Murat IV (r.1623-1640) (كتبه مراد خان), and undated.</subfield></datafield><datafield tag="505" ind1="0" ind2=" "><subfield code="a">7. fol.4a : piece in thuluth and naskh signed by the calligrapher Hafız Yusuf Efendi (d.1787) (نمقه المذنب يوسف المعروف بحافظ القرآن) and unsigned.</subfield></datafield><datafield tag="505" ind1="0" ind2=" "><subfield code="a">6. fol.3b : unsigned piece in thuluth and naskh, undated.</subfield></datafield><datafield tag="505" ind1="0" ind2=" "><subfield code="a">5. fol.3a : piece in naskh signed by the calligrapher Eğrikapılı Mehmet Râsim Efendi (d.1756) (محمد راسم) and undated.</subfield></datafield><datafield tag="505" ind1="0" ind2=" "><subfield code="a">4. fol.2b : unsigned piece in muḥaqqaq (continuation of the previous), undated.</subfield></datafield><datafield tag="505" ind1="0" ind2=" "><subfield code="a">3. fol.2a : unsigned piece in muḥaqqaq, undated.</subfield></datafield><datafield tag="505" ind1="0" ind2=" "><subfield code="a">2. fol.1b : impression of the seal (مهر) of Muḥammad Shāh Qājār (محمد شاه قاجار, r.1834-1848) with inscription “الملک لله محمد شاه غازی صاحب تاج و نگین آمد شکوه ملک و ملت رونق آیین دین آمد” and date 1250 [1834 or 5] set in illuminated four-lobed ornament.</subfield></datafield><datafield tag="505" ind1="0" ind2=" "><subfield code="a">1. fol.1a : [blank].</subfield></datafield><datafield tag="510" ind1="4" ind2=" "><subfield code="a">Rado, Şevket. Türk hattatları : XV. yüzyıldan günümüze kadar gelmiş ünlü hattatların hayatları ve yazılarından örnekler. İstanbul : Yayın Matbaacılık Ticaret Limited Şti., [1984?].</subfield></datafield><datafield tag="510" ind1="4" ind2=" "><subfield code="a">Derman, M. Uğur. Letters in gold : Ottoman calligraphy from the Sakıp Sabancı collection, Istanbul. New York : Metropolitian Museum of Art : Distributed by H.N. Abrams, c1998.</subfield></datafield><datafield tag="510" ind1="4" ind2=" "><subfield code="a">Serin, Muhittin. "Amerika Birleşik Devletleri’ndeki Bazı Kütüphanelerde Bulunan İslam El Yazma Eserleri ve Michigan Üniversitesi II. Abdülhamid Koleksiyonu." Akademik Araştırmalar Dergisi 2, 4-5, (2000).</subfield></datafield><datafield tag="520" ind1="8" ind2=" "><subfield code="a">Exquisite album of assorted calligraphic specimens (40 kıt'alar / pieces), likely assembled and bound for Sultan Abdülhamit II (r.1876-1909). Contents briefly addressed by Muhittin Serin in "Amerika Birleşik Devletleri’ndeki Bazı Kütüphanelerde Bulunan İslam El Yazma Eserleri ve Michigan Üniversitesi II. Abdülhamid Koleksiyonu." Contributions to the cataloguing from Mamoun Sakkal.</subfield></datafield><datafield tag="538" ind1=" " ind2=" "><subfield code="a">Mode of access: Internet.</subfield></datafield><datafield tag="541" ind1=" " ind2=" "><subfield code="c">Purchase ;</subfield><subfield code="a">Acquired by purchase (funds donated by Horace Rackham).</subfield><subfield code="d">1924.</subfield></datafield><datafield tag="546" ind1=" " ind2=" "><subfield code="a">Arabic and Persian.</subfield></datafield><datafield tag="561" ind1=" " ind2=" "><subfield code="a">Upper cover stamped with Ottoman arms (arma / آرما ), tuğra (ṭughrā / طغرا) of Sultan Abdülhamit II visible at head.</subfield></datafield><datafield tag="650" ind1=" " ind2="0"><subfield code="a">Manuscripts, Persian</subfield><subfield code="z">Michigan</subfield><subfield code="z">Ann Arbor.</subfield></datafield><datafield tag="650" ind1=" " ind2="0"><subfield code="a">Manuscripts, Arabic</subfield><subfield code="z">Michigan</subfield><subfield code="z">Ann Arbor.</subfield></datafield><datafield tag="650" ind1=" " ind2="0"><subfield code="a">Writing, Arabic</subfield><subfield code="v">Specimens.</subfield></datafield><datafield tag="650" ind1=" " ind2="0"><subfield code="a">Islamic calligraphy</subfield><subfield code="v">Specimens.</subfield></datafield><datafield tag="650" ind1=" " ind2="0"><subfield code="a">Calligraphy, Persian</subfield><subfield code="v">Specimens.</subfield></datafield><datafield tag="650" ind1=" " ind2="0"><subfield code="a">Calligraphy, Arabic</subfield><subfield code="v">Specimens.</subfield></datafield><datafield tag="700" ind1="0" ind2=" "><subfield code="a">Abdülhamid</subfield><subfield code="b">II,</subfield><subfield code="c">Sultan of the Turks,</subfield><subfield code="d">1842-1918,</subfield><subfield code="e">former owner.</subfield></datafield><datafield tag="773" ind1="0" ind2=" "><subfield code="a">Abdul Hamid Collection.</subfield></datafield><datafield tag="880" ind1="0" ind2="0"><subfield code="6">245-03/</subfield><subfield code="a">خطوط متنوعۀ اسلاميه البومى,</subfield><subfield code="f">[1080ه الى 1323ه، 1669م الى 1906م].</subfield></datafield><datafield tag="CID" ind1=" " ind2=" "><subfield code="a">006814887</subfield></datafield><datafield tag="DAT" ind1="0" ind2=" "><subfield code="a">20190719102638.0</subfield><subfield code="b">20190719000000.0</subfield></datafield><datafield tag="DAT" ind1="1" ind2=" "><subfield code="a">20190719090653.0</subfield><subfield code="b">2019-07-19T16:11:54Z</subfield></datafield><datafield tag="DAT" ind1="2" ind2=" "><subfield code="a">2015-10-02T18:00:03Z</subfield><subfield code="b">2014-04-23T20:00:03Z</subfield></datafield><datafield tag="CAT" ind1=" " ind2=" "><subfield code="a">SDR-MIU</subfield><subfield code="d">EX LIBRIS - ALEPH</subfield><subfield code="l">prepare.pl-004-008</subfield></datafield><datafield tag="FMT" ind1=" " ind2=" "><subfield code="a">BK</subfield></datafield><datafield tag="HOL" ind1=" " ind2=" "><subfield code="0">sdr-miu006814887</subfield><subfield code="a">MiU</subfield><subfield code="b">SDR</subfield><subfield code="c">MIU</subfield><subfield code="p">mdp.39015079129170</subfield><subfield code="s">MIU</subfield><subfield code="1">006814887</subfield></datafield><datafield tag="974" ind1=" " ind2=" "><subfield code="b">MIU</subfield><subfield code="c">MIU</subfield><subfield code="d">20190719</subfield><subfield code="s">lit-dlps-dc</subfield><subfield code="u">mdp.39015079129170</subfield><subfield code="y">1906</subfield><subfield code="r">pd</subfield><subfield code="q">add</subfield></datafield></record></collection>